<?xml version="1.0" encoding="UTF-8"?><record xmlns="http://www.loc.gov/MARC21/slim" xmlns:cinclude="http://apache.org/cocoon/include/1.0" xmlns:zs="http://www.loc.gov/zing/srw/">
  <leader>00435cz  a2200133n  4500</leader>
  <controlfield tag="001">n  84070153 </controlfield>
  <controlfield tag="003">DLC</controlfield>
  <controlfield tag="005">20081128080144.0</controlfield>
  <controlfield tag="008">840525n| acannaabn          |n aaa      </controlfield>
  <datafield tag="010" ind1=" " ind2=" ">
    <subfield code="a">n  84070153 </subfield>
  </datafield>
  <datafield tag="035" ind1=" " ind2=" ">
    <subfield code="a">(OCoLC)oca01112376</subfield>
  </datafield>
  <datafield tag="040" ind1=" " ind2=" ">
    <subfield code="a">DLC</subfield>
    <subfield code="b">eng</subfield>
    <subfield code="c">DLC</subfield>
    <subfield code="d">DLC</subfield>
    <subfield code="d">OCoLC</subfield>
  </datafield>
  <datafield tag="100" ind1="1" ind2=" ">
    <subfield code="a">Joos, Wilhelm,</subfield>
    <subfield code="d">1821-1900</subfield>
  </datafield>
  <datafield tag="670" ind1=" " ind2=" ">
    <subfield code="a">Brunner-Hauser, S. Pionier fuĚr eine menschlichere Zukunft, c1983:</subfield>
    <subfield code="b">t.p. (Dr. med. Wilhelm Joos, Nationalrat, 1821-1900)</subfield>
  </datafield>
</record>